<?xml version="1.0" encoding="UTF-8"?><collection xmlns="http://www.loc.gov/MARC21/slim"><record><leader>00593nam--2200181-i-4500</leader><controlfield tag="001">000018659</controlfield><controlfield tag="002">20161230</controlfield><controlfield tag="005">20161230201032</controlfield><controlfield tag="008">060222s1000------------r-----000-0-fre-d</controlfield><datafield ind1=" " ind2=" " tag="040"><subfield code="a">IFIN-HH</subfield></datafield><datafield ind1=" " ind2=" " tag="041"><subfield code="a">fre</subfield></datafield><datafield ind1=" " ind2=" " tag="080"><subfield code="a">539.122:539.1.074.22</subfield></datafield><datafield ind1="1" ind2=" " tag="100"><subfield code="a">Engelmann, Jacques</subfield></datafield><datafield ind1="1" ind2="0" tag="245"><subfield code="a">Mesure des emetteurs gamma par chambres d'ionisation. determination du coefficient specifique d'emission gama de quelques radioelements</subfield><subfield code="b">These</subfield><subfield code="c">Jacques engelmann</subfield></datafield><datafield ind1=" " ind2=" " tag="260"><subfield code="a">Paris</subfield><subfield code="b">Faculte Des Sciences</subfield><subfield code="c">1962</subfield></datafield><datafield ind1=" " ind2=" " tag="300"><subfield code="a">64 P</subfield></datafield><datafield ind1=" " ind2=" " tag="852"><subfield code="a">19155</subfield><subfield code="c">539.1.07:539.1.08</subfield></datafield><datafield ind1=" " ind2=" " tag="CAT"><subfield code="a">Sys</subfield><subfield code="c">20111018</subfield><subfield code="h">153940</subfield></datafield></record></collection>